@inproceedings{Agius2019,
	author = {Agius, Irisann-Maria and Inguanez, Frankie},
	booktitle = {Proceedings...},
	conference-location = {Berlin},
	conference-number = {9},
	conference-year = {2019},
	doi = {10.1109/ICCE-Berlin47944.2019.8966155},
	note = {DOI 10.1109/ICCE-Berlin47944.2019.8966155},
	organization = {{IEEE}; INTERNATIONAL CONFERENCE ON CONSUMER ELECTRONICS},
	pages = {57--60},
	publisher = {IEEE},
	title = {Re-purposing Computers as a Cluster for Academic Institutions},
	year = {2019}
}

@inproceedings{Souza2018,
	author = {Souza, Jefferson and Mendes, Celso and Santos, Rodrigo},
	booktitle = {Proceedings...},
	conference-location = {S{\~a}o Paulo},
	conference-number = {9},
	conference-year = {2018},
	doi = {10.5753/eradsp.2018.13601},
	note = {DOI 10.5753/eradsp.2018.13601},
	organization = {{ERAD}; Regional School of {HPC}},
	publisher = {Brazilian Computer Society ({SBC})},
	title = {Performance Optimization of the Brazil Solar Radiation Model (in {P}ortuguese)},
	year = {2018}
}

@inproceedings{Langtangen2008a,
	author = {Langtangen, Hans Petter and Cai, Xing},
	booktitle = {Proceedings of the third international conference on high performance scientific computing},
	conference-location = {Hanoi, Vietnam},
	conference-number = {3},
	conference-year = {2006},
	doi = {10.1007/978-3-540-79409-7\_23},
	editor = {Bock, Hans Georg and Kostina, Ekaterina and Phu, Hoang Xuan and Rannacher, Rolf},
	isbn = {978-3-540-79409-7},
	keywords = {Extension Module, Fortran Subroutine, Message Passing, {P}ython Programming Language, Speedup Result},
	language = {en},
	note = {DOI 10.1007/978-3-540-79409-7\_23},
	organization = {international conference on high performance scientific computing},
	pages = {337?357},
	publisher = {Springer},
	title = {On the efficiency of {P}ython for high-performance Computing: a case study involving stencil updates for partial differential equations},
	year = {2008}
}

@inproceedings{Lunacek2013,
	author = {Lunacek, Monte and Braden, Jazcek and Hauser, Thomas},
	booktitle = {Proceedings...},
	conference-location = {},
	conference-number = {},
	conference-year = {2013},
	doi = {10.1109/CLUSTER.2013.6702678},
	note = {DOI 110.1109/CLUSTER.2013.6702678},
	organization = {International Conference on Cluster Computing},
	pages = {1--8},
	publisher = {IEEE},
	title = {The scaling of many-task computing approaches in {P}ython on cluster supercomputers},
	year = {2013}
}

@inproceedings{Hinsen1997,
	author = {Hinsen, Konrad},
	booktitle = {Proceedings...},
	conference-location = {},
	conference-number = {6},
	conference-year = {1997},
	organization = {International {P}ython Conference},
	publisher = {},
	title = {The molecular modeling toolkit: a case study of a large scientific application in {P}ython},
	url = {http://legacy.{P}ython.org/workshops/1997-10/proceedings/hinsen.html},
	urlaccessdate = {Dec 2021},
	year = {1997}
}

@inproceedings{Beazley1997,
	author = {Beazley, David M and Lomdahl, Peter S},
	booktitle = {Proceedings...},
	conference-location = {San Jose, California},
	conference-number = {6},
	conference-year = {1997},
	institution = {Los Alamos National Lab., USA},
	note = {OSTI 658327},
	organization = {International {P}ython Conference},
	title = {Feeding a Large-Scale Physics Application to {P}ython},
	url = {http://legacy.{P}ython.org/workshops/1997-10/proceedings/beazley.html},
	urlaccessdate = {Dec 2021},
	year = {1997}
}

@misc{Inpe2020,
	author = {{INSTITUTO NACIONAL DE PESQUISAS ESPACIAIS (INPE)}},
	title = {{URL}ib: a platform for a digital library or archive distributed on the web used by the Brazilian National Institute for Space Research ({INPE})},
	url = {http://www.urlib.net},
	urlaccessdate = {Dec 2021},
	year = {2020}
}

@article{Dalcin2008,
	author = {Dalc\'{\i}n, Lisandro and Paz, Rodrigo and Storti, Mario and D'El\'{\i}a, Jorge},
	doi = {10.1016/j.jpdc.2007.09.005},
	issn = {0743-7315},
	journal = {Journal of Parallel and Distributed Computing},
	keywords = {Message passing, MPI, High-level languages, Parallel {P}ython},
	note = {DOI 10.1016/j.jpdc.2007.09.005},
	number = {5},
	pages = {655--662},
	title = {{MPI} for {P}ython: performance improvements and {MPI}-2 extensions},
	volume = {68},
	year = {2008}
}

@article{Nascimento2019,
	author = {Nascimento, Francisca Joamila Brito Do and {ARANTES FILHO}, Luis Ricardo and Guimar{\~a}es, Lamartine Nogueira Frutuoso},
	doi = {10.5335/rbca.v11i2.9037},
	journal = {Brazilian Journal of Applied Computing},
	month = may,
	note = {DOI 10.5335/rbca.v11i2.9037},
	number = {2},
	pages = {31--41},
	title = {{CINTIA} 2: A hierarchy of binary artificial neural networks for the intelligent classification of supernovae (in {P}ortuguese)},
	volume = {11},
	year = {2019}
}

@article{Peterson2009,
	author = {Peterson, Pearu},
	doi = {10.1504/IJCSE.2009.029165},
	journal = {International Journal of Computational Science and Engineering},
	note = {DOI 10.1504/IJCSE.2009.029165},
	number = {4},
	pages = {296--305},
	title = {{F2PY}: a tool for connecting {F}ortran and {P}ython programs},
	volume = {4},
	year = {2009}
}

@article{Walt2011,
	author = {Walt, Stefan Van Der and Colbert, S Chris and Varoquaux, Gael},
	journal = {Computing in Science \& Engineering},
	note = {DOI 10.1109/MCSE.2011.37},
	number = {2},
	pages = {22--30},
	title = {The {N}um{P}y array: a structure for efficient numerical computation},
	volume = {13},
	year = {2011}
}

@article{Behnel2010,
	author = {Behnel, Stefan and Bradshaw, Robert and Citro, Craig and Dalcin, Lisandro and Seljebotn, Dag Sverre and Smith, Kurt},
	doi = {10.1109/MCSE.2010.118},
	journal = {Computing in Science \& Engineering},
	note = {DOI 10.1109/MCSE.2010.118},
	number = {2},
	pages = {31--39},
	publisher = {{IEEE}},
	title = {{C}ython: The Best of Both Worlds},
	volume = {13},
	year = {2010}
}

@inproceedings{Lam2015,
	address = {New York, NY, USA},
	articleno = {7},
	author = {Lam, Siu Kwan and Pitrou, Antoine and Seibert, Stanley},
	booktitle = {Proceedings...},
	conference-location = {Austin, Texas},
	conference-number = {2},
	conference-year = {2015},
	doi = {10.1145/2833157.2833162},
	isbn = {9781450340052},
	keywords = {{P}ython, compiler, LLVM},
	location = {Austin, Texas},
	note = {DOI 10.1145/2833157.2833162},
	numpages = {6},
	organization = {Workshop on the {LLVM} Compiler Infrastructure in {HPC}},
	publisher = {Association for Computing Machinery},
	series = {LLVM '15},
	title = {Numba: a {LLVM}-based {P}ython {JIT} compiler},
	year = {2015}
}

@inproceedings{Sehrish2017,
	address = {New York, NY, USA},
	articleno = {8},
	author = {Sehrish, S. and Kowalkowski, J. and Paterno, M. and Green, C.},
	booktitle = {Proceedings...},
	conference-number = {7},
	conference-year = {2017},
	doi = {10.1145/3149869.3149877},
	isbn = {9781450351249},
	location = {Denver, CO, USA},
	note = {DOI 10.1145/3149869.3149877},
	numpages = {8},
	organization = {Workshop on {P}ython for High-Performance and Scientific Computing},
	publisher = {Association for Computing Machinery},
	series = {PyHPC'17},
	title = {{P}ython and {HPC} for high energy physics data analyses},
	year = {2017}
}

@article{Chen2002,
	author = {Chen, Ching Jen and Bernatz, R A and Carlson, Kent D and Lin, Wanlai and de Davis, G Vahl},
	doi = {10.1115/1.1451170},
	journal = {Applied Mechanics Reviews},
	note = {DOI 10.1115/1.1451171},
	number = {2},
	pages = {B34--B34},
	title = {Finite analytic method in flows and heat transfer},
	volume = {55},
	year = {2002}
}

@article{Balaji2017,
	author = {Balaji, Pavan and Gropp, William and Hoefler, Torsten and Thakur, Rajeev},
	journal = {Argonne National Laboratory},
	note = {Tutorial at {SC17}, the international conference for high performance computing, networking, storage, and analysis},
	publisher = {ANL},
	title = {Advanced {MPI} Programming},
	url = {http://www.mcs.anl.gov/~thakur/sc17-mpi-tutorial/},
	urlaccessdate = {Dec 2021},
	year = {2017}
}

@book{Gropp1996a,
	author = {Gropp, William and Lusk, Ewing},
	doi = {10.2172/378910},
	journal = {Mathematics and Computer Science Division, Argonne National Laboratory},
	month = {jul},
	note = {OSTI 378910. DOI 10.2172/378910},
	osti = {378910},
	place = {United States},
	title = {User's guide for {MPICH}, a portable implementation of {MPI}},
	year = {1996}
}

@article{Barney2021,
	author = {Barney, Blaise},
	journal = {{L}awrence {L}ivermore {N}ational {L}aboratory},
	note = {LLNL HPC Tutorials. UCRL-MI-133316},
	title = {{M}essage {P}assing {I}nterface ({MPI})},
	url = {http://computing.llnl.gov/tutorials/mpi/},
	urlaccessdate = {Dec 2021},
	year = {2021}
}

@article{Gropp1996,
	author = {Gropp, William and Lusk, Ewing and Doss, Nathan and Skjellum, Anthony},
	doi = {10.1016/0167-8191(96)00024-5},
	issn = {0167-8191},
	journal = {Parallel Computing},
	note = {DOI 10.1016/0167-8191(96)00024-5},
	number = {6},
	pages = {789--828},
	title = {A high-performance, portable implementation of the {MPI} message passing interface standard},
	volume = {22},
	year = {1996}
}

@misc{OpenMPI2020,
	author = {{UNIVERSITY OF TENNESSEE} and {LOS ALAMOS NATIONAL LABORATORY} and {INDIANA UNIVERSITY} and {UNIVERSITY OF STUTTGART}},
	month = dec,
	note = {Message Passing Interface (MPI) library combining technologies and features from several other projects, used by many TOP500 supercomputers, including Roadrunner, and K computer.},
	title = {Open{MPI}: an open source message passing interface implementation},
	url = {http://www.open-mpi.org/},
	urlaccessdate = {Dec 2021},
	year = {2020}
}

@article{Renato2018,
	author = {Souza, Carlos Renato de and Panetta, Jairo and Stephany, Stephan},
	doi = {10.18605/2175-7275/cereus.v10n2p193-210},
	issn = {2175-7275},
	issue_date = {2018},
	journal = {Revista Cereus},
	note = {DOI 10.18605/2175-7275/cereus.v10n2p193-210},
	number = {2},
	pages = {193--210},
	title = {Analysis of communication performance using {MPI} 3.0 shared memory functionality (in {P}ortuguese)},
	volume = {10},
	year = {2018}
}

@article{Virtanen2020,
	author = {Virtanen, Pauli and others},
	journal = {Nature Methods},
	month = feb,
	note = {DOI 10.1038/s41592-019-0686-2},
	number = {3},
	pages = {261--272},
	title = {Sci{P}y 1.0: fundamental algorithms for scientific computing in {P}ython},
	volume = {17},
	year = {2020}
}

@misc{IEEE2021,
	author = {{IEEE Spectrum}},
	title = {Interactive: top programming languages 2021},
	url = {http://spectrum.ieee.org/top-programming-languages/},
	urlaccessdate = {Dec 2021},
	year = {2021}
}

@article{Sanner1999,
	author = {Sanner, M.},
	journal = {Journal of Molecular Graphics and Modelling},
	note = {PMID 10660911},
	number = {1},
	pages = {57--61},
	title = {{P}ython: a programming language for software integration and development},
	url = {http://pubmed.ncbi.nlm.nih.gov/10660911/},
	urlaccessdate = {Dec 2021},
	volume = {17},
	year = {1999}
}

@book{Sebesta2016,
	author = {Sebesta, R. W. and Mukherjee, S. and Bhattacharjee, A. K.},
	isbn = {9780133943023},
	publisher = {Boston: Pearson},
	title = {Concepts of programming languages},
	year = {2016}
}

@inproceedings{Singh2010,
	author = {Singh, Satnam},
	booktitle = {Proceedings...},
	conference-number = {5},
	conference-year = {2010},
	doi = {10.1145/1708046.1708048},
	note = {DOI 10.1145/1708046.1708048},
	organization = {Sigplan Workshop on Declarative Aspects of Multicore Programming},
	pages = {1--2},
	title = {Declarative data-parallel programming with the accelerator system},
	year = {2010}
}

@article{Vasilev2012,
	author = {Vasilev, Vasil and Canal, Ph and Naumann, Axel and Russo, Paul},
	doi = {10.1088/1742-6596/396/5/052071},
	journal = {Journal of Physics: Conference Series},
	note = {DOI 10.1088/1742-6596/396/5/052071},
	number = {5},
	title = {Cling -- the new interactive interpreter for {ROOT} 6},
	volume = {396},
	year = {2012}
}

@article{Biham2006,
	author = {Biham, Eli and Seberry, Jennifer},
	journal = {{eSTREAM}, {ECRYPT} Stream Cipher Project, Report 2006/038},
	pages = {2006},
	title = {{P}ypy: another version of {P}y},
	url = {http://www.ecrypt.eu.org/stream/pyp2.html},
	urlaccessdate = {Dec 2021},
	volume = {38},
	year = {2006}
}

@article{Perkel2018,
	author = {Perkel, Jeffrey M},
	doi = {10.1038/d41586-018-07196-1},
	journal = {Nature},
	note = {DOI 10.1038/d41586-018-07196-1},
	number = {7732},
	pages = {145--147},
	title = {Why {J}upyter is data scientists' computational {N}otebook of choice},
	volume = {563},
	year = {2018}
}

@misc{Ketkar2017,
	author = {Ketkar, Nikhil},
	doi = {10.1007/978-1-4842-2766-4\_12},
	isbn = {978-1-4842-2766-4},
	note = {DOI 10.1007/978-1-4842-2766-4\_12},
	publisher = {Apress, Berkeley, CA},
	title = {Introduction to {P}y{T}orch},
	year = {2017}
}

@techreport{Collobert2002,
	author = {Collobert, Ronan and Bengio, Samy and Mari{\'e}thoz, Johnny},
	institution = {IDIAP},
	ipdmembership = {learning},
	note = {Idiap-RR-46-2002},
	number = {Idiap-RR-46-2002},
	pdf = {http://publications.idiap.ch/downloads/reports/2002/rr02-46.pdf},
	postscript = {ftp://ftp.idiap.ch/pub/reports/2002/rr02-46.ps.gz},
	projects = {Idiap},
	title = {Torch: a modular machine learning software library},
	type = {Idiap-RR},
	url = {http://publications.idiap.ch/index.php/publications/show/712},
	urlaccessdate = {Dec 2021},
	year = {2002}
}

@article{Fey2019,
	archiveprefix = {arXiv},
	arxiv = {1903.02428 [cs.LG]},
	author = {Fey, Matthias and Lenssen, Jan Eric},
	bibsource = {dblp computer science bibliography, https://dblp.org},
	biburl = {http://dblp.org/rec/journals/corr/abs-1903-02428.bib},
	eprint = {1903.02428},
	journal = {CoRR},
	note = {arXiv: 1903.02428 [cs.LG]},
	primaryclass = {cs.LG},
	timestamp = {Sun, 31 Mar 2019 19:01:24 +0200},
	title = {{F}ast graph representation learning with {P}y{T}orch geometric},
	year = {2019}
}

@inproceedings{Lattner2004,
	author = {Lattner, Chris and Adve, Vikram},
	booktitle = {Proceedings...},
	conference-location = {},
	conference-number = {},
	conference-year = {2004},
	doi = {10.1109/CGO.2004.1281665},
	note = {DOI 10.1109/CGO.2004.1281665},
	organization = {International Symposium on Code Generation and Optimization},
	pages = {75--86},
	publisher = {CGO},
	title = {{LLVM}: a compilation framework for lifelong program analysis \& transformation},
	year = {2004}
}

@article{Cielo2019,
	arxiv = {1910.07855 [astro-ph.IM]},
	author = {Cielo, Salvatore and Iapichino, Luigi and Baruffa, Fabio},
	journal = {arXiv},
	note = {arXiv: 1910.07855 [astro-ph.IM]},
	title = {{S}peeding simulation analysis up with yt and {I}ntel distribution for {P}ython},
	year = {2019}
}

@article{Holm2020,
	author = {Holm, H{\aa}vard H and Brodtkorb, Andr{\'e} R and S{\ae}tra, Martin L},
	doi = {10.3390/computation8010004},
	journal = {Computation},
	note = {DOI 10.3390/computation8010004},
	number = {1},
	pages = {4},
	title = {{GPU} computing with {P}ython: performance, energy efficiency and usability},
	volume = {8},
	year = {2020}
}

@inproceedings{Yeager2015,
	author = {Yeager, Luke and Bernauer, Julie and Gray, Allison and Houston, Michael},
	booktitle = {Proceedings...},
	conference-number = {},
	conference-year = {2015},
	organization = {{ICML} {A}uto{ML} workshop},
	title = {Digits: the deep learning {GPU} training system},
	url = {http://indico.ijclab.in2p3.fr/event/2914/contributions/6476/subcontributions/170},
	urlaccessdate = {Dec 2021},
	year = {2015}
}

@inproceedings{Gayer2019,
	author = {Gayer, Alexander V and Chernyshova, Yulia S and Sheshkus, Alexander V},
	booktitle = {Proceedings...},
	conference-location = {},
	conference-number = {2018},
	conference-year = {11},
	doi = {10.1117/12.2522969},
	note = {DOI 10.1117/12.2522969},
	organization = {International Conference on Machine Vision},
	pages = {394 -- 401},
	title = {Effective real-time augmentation of training dataset for the neural networks learning},
	volume = {11041},
	year = {2019}
}

@inproceedings{Bergstra2010,
	author = {Bergstra, James and Breuleux, Olivier and Bastien, Fr{\'e}d{\'e}ric and Lamblin, Pascal and Pascanu, Razvan and Desjardins, Guillaume and Turian, Joseph and Warde-Farley, David and Bengio, Yoshua},
	booktitle = {Proceedings...},
	conference-location = {},
	conference-number = {9},
	conference-year = {2010},
	doi = {10.25080/Majora-92bf1922-003},
	note = {DOI 10.25080/Majora-92bf1922-003},
	organization = {{P}ython in Science Conference},
	pages = {18 -- 24},
	publisher = {},
	title = {Theano: a {CPU} and {GPU} math compiler in {P}ython},
	volume = {1},
	year = {2010}
}

@book{Brownlee2016,
	author = {Brownlee, Jason},
	publisher = {Machine Learning Mastery},
	title = {Deep learning with {P}ython: develop deep learning models on {T}heano and {T}ensor{F}low using {K}eras},
	year = {2016}
}

@inproceedings{Osmialowski2017,
	author = {Osmialowski, Paul},
	booktitle = {Proceedings...},
	conference-number = {4},
	conference-year = {2017},
	doi = {10.1145/3148173.3148183},
	note = {DOI 10.1145/3148173.3148183},
	organization = {Workshop on the {LLVM} Compiler Infrastructure in {HPC}},
	pages = {1--14},
	publisher = {},
	title = {How the {F}lang frontend works: introduction to the interior of the open-source {F}ortran frontend for {LLVM}},
	year = {2017}
}

@inproceedings{Oden2020,
	author = {Oden, Lena},
	booktitle = {Proceedings...},
	conference-location = {},
	conference-number = {28},
	conference-year = {2020},
	doi = {10.1109/PDP50117.2020.00041},
	note = {DOI 10.1109/PDP50117.2020.00041},
	organization = {Euromicro International Conference on Parallel, Distributed and Network-Based Processing},
	pages = {216--223},
	title = {Lessons learned from comparing {C}-{CUDA} and {P}ython-{N}umba for {GPU}-computing},
	year = {2020}
}

@article{Alnaes2015,
	author = {Aln{\ae}s, Martin and Blechta, Jan and Hake, Johan and Johansson, August and Kehlet, Benjamin and Logg, Anders and Richardson, Chris and Ring, Johannes and Rognes, Marie E and Wells, Garth N},
	doi = {10.11588/ans.2015.100.20553},
	journal = {Archive of Numerical Software},
	note = {DOI 10.11588/ans.2015.100.20553},
	number = {100},
	title = {The {FE}ni{CS} Project Version 1.5},
	volume = {3},
	year = {2015}
}

@article{Faouzi2020,
	author = {Faouzi, Johann and Janati, Hicham},
	journal = {Journal of Machine Learning Research},
	number = {46},
	pages = {1--6},
	title = {{pyts}: A {P}ython package for time series classification},
	url = {http://jmlr.org/papers/v21/19-763.html},
	urlaccessdate = {Dec 2021},
	volume = {21},
	year = {2020}
}

@inproceedings{Moritz2018,
	address = {Carlsbad, CA},
	author = {Moritz, Philipp and others},
	booktitle = {Proceedings...},
	conference-location = {},
	conference-number = {13},
	conference-year = {2018},
	isbn = {978-1-939133-08-3},
	month = oct,
	organization = {Symposium on Operating Systems Design and Implementation},
	pages = {561--577},
	publisher = {{USENIX} Association},
	title = {Ray: a distributed framework for emerging {AI} applications},
	url = {http://www.usenix.org/conference/osdi18/presentation/moritz},
	urlaccessdate = {Dec 2021},
	year = {2018}
}

@article{Choi2021,
	arxiv = {2102.12416 [cs.DC]},
	author = {Choi, Jaemin and Fink, Zane and White, Sam and Bhat, Nitin and Richards, David F and Kale, Laxmikant V},
	journal = {arXiv},
	note = {arXiv: 2102.12416 [cs.DC]},
	title = {{GPU}-aware communication with {UCX} in parallel programming models: {C}harm++, {MPI}, and {P}ython},
	year = {2021}
}

@inproceedings{Rainville2012,
	author = {{DE RAINVILLE}, Fran{\c c}ois-Michel and Fortin, F{\'e}lix-Antoine and Gardner, Marc-Andr{\'e} and Parizeau, Marc and Gagn{\'e}, Christian},
	booktitle = {Proceedings...},
	conference-location = {},
	conference-number = {14},
	conference-year = {2012},
	doi = {10.1145/2330784.2330799},
	note = {DOI 10.1145/2330784.2330799},
	organization = {Annual Conference Companion on Genetic and Evolutionary Computation},
	pages = {85--92},
	publisher = {},
	title = {{DEAP}: a {P}ython framework for evolutionary algorithms},
	year = {2012}
}

@inproceedings{Hold2014,
	author = {Hold-Geoffroy, Yannick and Gagnon, Olivier and Parizeau, Marc},
	booktitle = {Proceedings...},
	conference-location = {},
	conference-number = {},
	conference-year = {2014},
	doi = {10.1145/2616498.2616565},
	note = {DOI 10.1145/2616498.2616565},
	organization = {Conference on Extreme Science and Engineering Discovery Environment},
	pages = {1--8},
	publisher = {},
	title = {{O}nce you {SCOOP}, no need to fork},
	year = {2014}
}

@article{Blank2003,
	author = {Blank, Douglas and Kumar, Deepak and Meeden, Lisa and Yanco, Holly},
	doi = {10.1145/1047568.1047569},
	journal = {Journal on Educational Resources in Computing ({JERIC})},
	note = {DOI 10.1145/1047568.1047569},
	number = {4},
	pages = {1--es},
	title = {{P}yro: a {P}ython-based versatile programming environment for teaching robotics},
	volume = {3},
	year = {2003}
}

@book{Drabas2017,
	author = {Drabas, Tomasz and Lee, Denny},
	publisher = {Packt Publishing Ltd},
	title = {{L}earning {P}y{S}park},
	year = {2017}
}

@article{Singh2013,
	author = {Singh, Navtej and Browne, Lisa-Marie and Butler, Ray},
	doi = {10.1016/j.ascom.2013.04.002},
	journal = {Astronomy and Computing},
	note = {DOI 10.1016/j.ascom.2013.04.002},
	pages = {1--10},
	title = {Parallel astronomical data processing with {P}ython: recipes for multicore machines},
	volume = {2},
	year = {2013}
}

@article{Marowka2018,
	author = {Marowka, Ami},
	doi = {10.1007/s10639-017-9607-0},
	journal = {Education and Information Technologies},
	note = {DOI 10.1007/s10639-017-9607-0},
	number = {1},
	pages = {357--372},
	title = {On parallel software engineering education using {P}ython},
	volume = {23},
	year = {2018}
}

@article{Marowka2018b,
	author = {Marowka, Ami},
	doi = {10.1007/s11227-017-2213-5},
	journal = {The Journal of Supercomputing},
	note = {DOI 10.1007/s11227-017-2213-5},
	number = {4},
	pages = {1449--1460},
	title = {{P}ython accelerators for high-performance computing},
	volume = {74},
	year = {2018}
}

@book{Palach2014,
	author = {Palach, Jan},
	publisher = {Packt Publishing Ltd},
	title = {Parallel programming with {P}ython},
	year = {2014}
}

@article{Guelton2018,
	author = {Guelton, Serge},
	doi = {10.1109/MCSE.2018.021651342},
	journal = {Computing in Science \& Engineering},
	note = {DOI 10.1109/MCSE.2018.021651342},
	number = {2},
	pages = {83--89},
	title = {{P}ythran: crossing the {P}ython frontier},
	volume = {20},
	year = {2018}
}

@inproceedings{Van2007,
	author = {{VAN ROSSUM}, Guido},
	booktitle = {Proceedings of the 2007 Annual Technical Conference},
	conference-number = {},
	conference-year = {2007},
	organization = {USENIX Annual Technical Conference},
	pages = {36},
	title = {{P}ython programming language},
	url = {http://www.usenix.org/conference/2007-usenix-annual-technical-conference/presentation/{P}ython-programming-language},
	urlaccessdate = {Dec 2021},
	volume = {41},
	year = {2007}
}

@article{Oliphant2007,
	author = {Oliphant, Travis E},
	doi = {10.1109/MCSE.2007.58},
	journal = {Computing in Science \& Engineering},
	note = {DOI 10.1109/MCSE.2007.58},
	number = {3},
	pages = {10--20},
	title = {{P}ython for scientific computing},
	volume = {9},
	year = {2007}
}

@article{Abrahams2003,
	author = {Abrahams, David and Grosse-Kunstleve, Ralf W},
	journal = {{C/C++} Users Journal},
	month = {5},
	note = {OSTI 815409},
	number = {7},
	osti = {815409},
	place = {United States},
	title = {Building Hybrid Systems with {B}oost.{P}ython},
	volume = {21},
	year = {2003}
}

@inproceedings{Nishino2017,
	author = {Nishino, ROYUD and Loomis, Shohei Hido Crissman},
	booktitle = {Proceedings...},
	conference-location = {},
	conference-number = {31},
	conference-year = {2017},
	journal = {Proceedings of the 31st international conference on neural information processing systems},
	organization = {International Conference on Neural Information Processing Systems},
	pages = {151},
	publisher = {NIPS},
	title = {{C}u{P}y: a {N}um{P}y-compatible library for {NVIDIA GPU} calculations},
	year = {2017}
}

@misc{Rocklin2021,
	author = {Rocklin, Matthew},
	note = {Open source library for parallel computing written in {P}ython, originally developed by Matthew Rocklin, a community project maintained and sponsored by developers and organizations, and several projects use it in an integrated way to feed components of their infrastructure.},
	title = {Dask, advanced parallelism for analytics},
	url = {http://dask.org/},
	urlaccessdate = {Dec 2021},
	year = {2021}
}

@incollection{Klockner2012b,
	address = {Boston},
	author = {Kl{\"o}ckner, Andreas and Pinto, Nicolas and Catanzaro, Bryan and Lee, Yunsup and Ivanov, Paul and Fasih, Ahmed},
	booktitle = {GPU computing gems Jade Edition},
	doi = {10.1016/B978-0-12-385963-1.00027-7},
	editor = {Hwu, Wen-mei W.},
	isbn = {978-0-12-385963-1},
	note = {DOI 10.1016/B978-0-12-385963-1.00027-7},
	pages = {373--385},
	publisher = {Morgan Kaufmann},
	series = {Applications of GPU computing series},
	title = {Chapter 27 - {GPU} scripting and code generation with {PyCUDA}},
	year = {2012}
}

@article{Klockner2012,
	author = {Kl{\"o}ckner, Andreas and Pinto, Nicolas and Lee, Yunsup and Catanzaro, Bryan and Ivanov, Paul and Fasih, Ahmed},
	doi = {10.1016/j.parco.2011.09.001},
	journal = {Parallel Computing},
	note = {DOI 10.1016/j.parco.2011.09.001},
	number = {3},
	pages = {157--174},
	title = {Py{CUDA} and {P}y{O}pen{CL}: a scripting-based approach to {GPU} run-time code generation},
	volume = {38},
	year = {2012}
}

@inproceedings{Lam2019,
	author = {Lam, Siu Kwan and Seibert, Stanley},
	booktitle = {Proceedings...},
	conference-location = {},
	conference-number = {18},
	conference-year = {2019},
	organization = {annual scientific computing with {P}ython conference},
	publisher = {SciPy},
	title = {How to accelerate an existing codebase with {N}umba},
	url = {http://www.scipy2019.scipy.org/talks-posters/How-to-Accelerate-an-Existing-Codebase-with-Numba},
	urlaccessdate = {Dec 2021},
	year = {2019}
}

@inproceedings{Daniel2010,
	author = {Daniel, Tomoiaga Radu and Mircea, Stratulat},
	booktitle = {Proceedings...},
	conference-location = {Athens, Greece},
	conference-number = {},
	conference-year = {2010},
	isbn = {978-960-474-260-8},
	issn = {1792-7390},
	organization = {European Conference for the Applied Mathematics \& Informatics},
	pages = {225 -- 230},
	publisher = {World Scientific and Engineering Academy and Society Press},
	title = {{AES} on {GPU} using {CUDA}},
	year = {2010}
}

@inproceedings{Li2015,
	author = {Li, Yan and Sun, Hongyu and Yuan, Jingchao and Wu, Ting and Tian, Yanshan and Li, Yanlin and Zhou, Rui and Li, Kuan-Ching},
	booktitle = {Proceedings...},
	conference-location = {},
	conference-number = {44},
	conference-year = {2015},
	doi = {10.1109/ICPPW.2015.44},
	note = {DOI 10.1109/icppw.2015.44},
	organization = {International Conference on Parallel Processing Workshops},
	pages = {61--66},
	publisher = {},
	title = {Accelerating 3D digital differential analyzer ray tracing algorithm on the GPU using CUDA},
	year = {2015}
}

@inproceedings{Miranda2021,
	author = {Miranda, E F and Stephany, S},
	booktitle = {Proceedings...},
	conference-location = {},
	conference-number = {41},
	conference-year = {2021},
	doi = {10.5753/bresci.2021.15786},
	issn = {2763-8774},
	note = {DOI 10.5753/bresci.2021.15786},
	organization = {Brazilian e-Science Workshop; Congress of the Brazilian Computer Society},
	pages = {33--40},
	publisher = {},
	title = {Comparison of high performance computing approaches in the {P}ython environment for a five-point stencil test problem},
	year = {2021}
}

@article{Miranda2021a,
	author = {Miranda, E F and Stephany, S},
	doi = {10.18605/2175-7275/cereus.v13n2p84-98},
	issn = {2175-7275},
	journal = {Revista Cereus},
	note = {DOI 10.18605/2175-7275/cereus.v13n2p84-98},
	number = {2},
	pages = {84--98},
	title = {Common approaches to {HPC} in {P}ython evaluated for a scientific computing test case},
	volume = {13},
	year = {2021}
}

@techreport{Dongarra1995,
	address = {USA: [s.n.]},
	author = {Dongarra, Jack J. and Otto, Steve W. and Snir, Marc and Walker, David},
	doi = {10.5555/898812},
	institution = {University of Tennessee},
	note = {DOI 10.5555/898812},
	title = {An introduction to the {MPI} standard},
	year = {1995}
}

@inproceedings{Rocklin2015,
	author = {Rocklin, Matthew},
	booktitle = {Proceedings...},
	conference-number = {14},
	conference-year = {2015},
	doi = {10.25080/Majora-7b98e3ed-013},
	month = {01},
	note = {DOI 10.25080/Majora-7b98e3ed-013},
	organization = {{P}ython in Science Conference},
	pages = {126--132},
	title = {Dask: parallel computation with blocked algorithms and task scheduling},
	volume = {126},
	year = {2015}
}

@article{Mortensen2019,
	author = {Mortensen, Mikael and Dalcin, Lisandro and Keyes, David Elliot},
	doi = {10.21105/joss.01340},
	journal = {Journal of Open Source Software},
	note = {DOI 10.21105/joss.01340},
	number = {36},
	pages = {1340},
	title = {mpi4py-fft: parallel fast fourier transforms with mpi for {P}ython},
	volume = {4},
	year = {2019}
}

@inproceedings{Frigo1998,
	author = {Frigo, Matteo and Johnson, Steven G},
	booktitle = {Proceedings...},
	conference-location = {},
	conference-number = {},
	conference-year = {1998},
	organization = {IEE International Conference on Acoustics, Speech and Signal Processing},
	pages = {1381--1384},
	publisher = {},
	title = {{FFTW}: An adaptive software architecture for the {FFT}},
	volume = {3},
	year = {1998}
}

@misc{Gomersall2021,
	archiveprefix = {ASCL},
	author = {Gomersall, Henry},
	eid = {ASCL:2109.009},
	eprint = {2109.009},
	keywords = {Software},
	month = sep,
	note = {Bibcode: 2021ascl.soft09009G. Astrophysics Source Code Library, record ascl:2109.009. Provided by the SAO/NASA Astrophysics Data System},
	pages = {ascl:2109.009},
	title = {{pyFFTW}: {P}ython wrapper around {FFTW}},
	url = {https://ui.adsabs.harvard.edu/abs/2021ascl.soft09009G},
	urlaccessdate = {Dec 2021},
	year = {2021}
}

@article{Boulesteix2012,
	author = {Boulesteix, Anne-Laure and Janitza, Silke and Kruppa, Jochen and K{\"o}nig, Inke R},
	journal = {Wiley Interdisciplinary Reviews: Data Mining and Knowledge Discovery},
	number = {6},
	pages = {493--507},
	title = {Overview of random forest methodology and practical guidance with emphasis on computational biology and bioinformatics},
	volume = {2},
	year = {2012}
}

@article{McKinney2011,
	author = {McKinney, Wes and others},
	journal = {{P}ython for High Performance and Scientific Computing},
	number = {9},
	pages = {1--9},
	publisher = {Dallas, TX},
	title = {Pandas: a foundational {P}ython library for data analysis and statistics},
	volume = {14},
	year = {2011}
}

@article{Gruening2018,
	author = {Gr{\"u}ning, Bj{\"o}rn and Dale, Ryan and Sj{\"o}din, Andreas and Chapman, Brad A and Rowe, Jillian and Tomkins-Tinch, Christopher H and Valieris, Renan and K{\"o}ster, Johannes},
	doi = {10.1038/s41592-018-0046-7},
	journal = {Nature Methods},
	note = {DOI 10.1038/s41592-018-0046-7},
	number = {7},
	pages = {475--476},
	title = {Bioconda: sustainable and comprehensive software distribution for the life sciences},
	volume = {15},
	year = {2018}
}

@book{Bisong2019,
	address = {Berkeley, CA},
	author = {Bisong, Ekaba},
	booktitle = {Building Machine Learning and Deep Learning Models on Google Cloud Platform: A Comprehensive Guide for Beginners},
	doi = {10.1007/978-1-4842-4470-8\_6},
	isbn = {978-1-4842-4470-8},
	note = {DOI 10.1007/978-1-4842-4470-8\_6},
	pages = {49--57},
	publisher = {Apress},
	title = {Jupyter{L}ab notebooks},
	year = {2019}
}

@article{Breiman2001,
	author = {Breiman, Leo},
	doi = {10.1023/A:1010933404324},
	journal = {Machine Learning},
	note = {DOI 10.1023/A:1010933404324},
	number = {1},
	pages = {5--32},
	title = {Random forests},
	volume = {45},
	year = {2001}
}

@article{Mcleod2015,
	archiveprefix = {arXiv},
	arxiv = {1510.07303 [cs.LG]},
	author = {McLeod, Clay},
	bibsource = {dblp computer science bibliography, https://dblp.org},
	biburl = {http://dblp.org/rec/journals/corr/McLeod15.bib},
	eprint = {1510.07303},
	journal = {CoRR},
	note = {arXiv: 1510.07303 [cs.LG]},
	timestamp = {Mon, 13 Aug 2018 16:45:58 +0200},
	title = {A framework for distributed deep learning layer design in {P}ython},
	year = {2015}
}

@book{Knuth1992,
	author = {Knuth, D.E.},
	isbn = {9780937073803},
	lccn = {lc91039510},
	publisher = {Cambridge University Press},
	series = {Center for the Study of Language and Information Publication Lecture Notes},
	title = {Literate programming},
	year = {1992}
}

@article{Guelton2015,
	author = {Guelton, Serge and Brunet, Pierrick and Amini, Mehdi and Merlini, Adrien and Corbillon, Xavier and Raynaud, Alan},
	doi = {10.1088/1749-4680/8/1/014001},
	journal = {Computational Science \& Discovery},
	note = {DOI 10.1088/1749-4680/8/1/014001},
	number = {1},
	pages = {014001},
	title = {Pythran: enabling static optimization of scientific {P}ython programs},
	volume = {8},
	year = {2015}
}

@article{Resch20,
	author = {Resch, Wolfgang},
	journal = {{N}ational {I}nstitutes of {H}ealth ({NIH}) {H}igh {P}erformance {C}omputing ({HPC}) {G}roup. U.S. Department of Health \& Human Services},
	note = {Slides and Handouts from Previous HPC Classes. Classes, Seminars \& Walk-In Consults},
	title = {{P}ython in {HPC}: profiling, optimizing, and executing {P}ython in high performance computing},
	url = {https://hpc.nih.gov/},
	urlaccessdate = {Dec 2021},
	year = {2020}
}

@inproceedings{Scullin2018,
	author = {Scullin, William and Belhorn, Matt and Thomas, Rollin},
	booktitle = {Proceedings...},
	conference-number = {2},
	conference-year = {2018},
	note = {William Scullin, Assistant Computational Scientist, {ALCF}, {ANL}. Matt Belhorn, {OLCF}, {ORNL}. Rollin Thomas, Big Data Architect, {NERSC}, {LBNL}},
	organization = {Exascale Computing Project},
	title = {{P}ython for High Performance Computing},
	url = {https://www.ecpannualmeeting.com/},
	urlaccessdate = {Dec 2021},
	year = {2018}
}

@inproceedings{Vincent2016,
	author = {Vincent, Peter and Witherden, Freddie and Vermeire, Brian and Park, Jin Seok and Iyer, Arvind},
	booktitle = {Proceedings...},
	conference-number = {},
	conference-year = {2016},
	doi = {10.1109/SC.2016.1},
	isbn = {978-1-4673-8815-3},
	issn = {2167-4337},
	note = {DOI 10.1109/SC.2016.1},
	organization = {International Conference for High Performance Computing, Networking, Storage and Analysis},
	pages = {1--11},
	title = {Towards green aviation with {P}ython at petascale},
	url = {https://ieeexplore.ieee.org/document/7876999},
	urlaccessdate = {Dec 2021},
	year = {2016}
}

@article{Witherden2014,
	author = {Witherden, F.D. and Farrington, A.M. and Vincent, P.E.},
	doi = {10.1016/j.cpc.2014.07.011},
	issn = {0010-4655},
	journal = {Computer Physics Communications},
	note = {DOI 10.1016/j.cpc.2014.07.011},
	number = {11},
	pages = {3028--3040},
	title = {Py{FR}: An open source framework for solving advection--diffusion type problems on streaming architectures using the flux reconstruction approach},
	url = {https://www.sciencedirect.com/science/ARTICLE/pii/S0010465514002549},
	volume = {185},
	year = {2014}
}

@book{Schulz2008,
	address = {Knoxville},
	author = {Schulz, Roland},
	journal = {{O}ak {R}idge {N}ational {L}aboratory},
	note = {{CS} Project report. Center for molecular biophysics},
	publisher = {The University of Tennessee},
	title = {{3D} {FFT} with {2D} decomposition},
	year = {2008}
}

@inproceedings{Kolesnikov2020,
	address = {Porto Alegre, RS, Brasil},
	author = {Kolesnikov, Igor and Mendes, Celso and de Carvalho, Reinaldo and Rosa, Reinaldo},
	booktitle = {Proceedings...},
	conference-number = {21},
	conference-year = {2020},
	doi = {10.5753/wscad.2020.14081},
	location = {Online event},
	organization = {Symposium on high performance computing systems},
	pages = {335--346},
	publisher = {SBC},
	title = {Optimized galaxy bayesian surface photometry on a many-core platform},
	url = {https://sol.sbc.org.br/index.php/wscad/ARTICLE/view/14081},
	year = {2020}
}

@inproceedings{Limprasert2015,
	author = {Limprasert, Wasit},
	booktitle = {Proceedings...},
	conference-year = {2015},
	doi = {10.1109/ICSEC.2015.7401404},
	organization = {International Computer Science and Engineering Conference},
	pages = {1--6},
	title = {Parallel random forest with {IP}ython cluster},
	year = {2015}
}

@article{Perez2007,
	author = {P{\'e}rez, Fernando and Granger, Brian E},
	journal = {Computing in {S}cience \& {E}ngineering},
	number = {3},
	pages = {21--29},
	title = {{IP}ython: a system for interactive scientific computing},
	volume = {9},
	year = {2007}
}

@inproceedings{Dobesova2011,
	author = {Dobesova, Zdena},
	booktitle = {Proceedings...},
	conference-number = {},
	conference-year = {2011},
	organization = {International Conference on Electrical and Control Engineering},
	pages = {4866--4869},
	title = {Programming language {P}ython for data processing},
	year = {2011}
}

@article{Dagum1998,
	author = {Dagum, Leonardo and Menon, Ramesh},
	journal = {IEEE {C}omputational {S}cience and {E}ngineering},
	number = {1},
	pages = {46--55},
	title = {{O}pen{MP}: an industry standard API for shared-memory programming},
	volume = {5},
	year = {1998}
}

@misc{Ketkar2021,
	author = {Ketkar, Nikhil and Moolayil, Jojo},
	publisher = {Springer},
	title = {Introduction to {P}ytorch},
	year = {2021}
}

@inproceedings{Gonzalez2019,
	author = {Gonzalez, Justo and Taylor, Julian and Castro, Sandra and Kern, Jeff and Knudstrup, Jens and Zampieri, Stefano and Manning, Alisdair and Bhatnagar, Sanjay and Davis, Lindsey and Golap, Kumar and others},
	booktitle = {Proceedings...},
	conference-number = {26},
	conference-year = {2019},
	organization = {Astronomical Data Analysis Software and Systems},
	pages = {515},
	title = {{P}ython code parallelization, challenges and alternatives},
	volume = {521},
	year = {2019}
}

@book{Imambi2021,
	author = {Imambi, Sagar and Prakash, Kolla Bhanu and Kanagachidambaresan, GR},
	isbn = {978-3-030-57079-8},
	publisher = {Springer},
	title = {Programming with {T}ensor{F}low},
	year = {2021}
}

@inproceedings{Chen2011,
	author = {Chen, Yung-Yu and Yu, Sheng-tao},
	booktitle = {Proceedings...},
	conference-number = {20},
	conference-year = {2011},
	organization = {AIAA Computational Fluid Dynamics Conference},
	pages = {3220},
	title = {Constructing a supercomputing framework by using {P}ython for hybrid parallelism and {GPU} cluster},
	year = {2011}
}

@article{Wagner2017,
	author = {Wagner, Michael and Llort, Germ{\'a}n and Mercadal, Estanislao and Gim{\'e}nez, Judit and Labarta, Jes{\'u}s},
	journal = {Procedia Computer Science},
	pages = {2171--2179},
	title = {Performance analysis of parallel {P}ython applications},
	volume = {108},
	year = {2017}
}

@article{Fink2021,
	author = {Fink, Zane and Liu, Simeng and Choi, Jaemin and Diener, Matthias and Kale, Laxmikant V},
	doi = {10.48550/arXiv.2111.04872},
	note = {DOI 10.48550/arXiv.2111.04872},
	title = {Performance evaluation of {P}ython parallel programming models: {C}harm4{P}y and mpi4py},
	year = {2021}
}

@inproceedings{Ziogas2021,
	author = {Ziogas, Alexandros Nikolaos and Schneider, Timo and Ben-Nun, Tal and Calotoiu, Alexandru and {De Matteis}, Tiziano and de Fine Licht, Johannes and Lavarini, Luca and Hoefler, Torsten},
	booktitle = {Proceedings...},
	conference-number = {},
	conference-year = {2021},
	organization = {International Conference for High Performance Computing, Networking, Storage and Analysis},
	pages = {1--13},
	title = {Productivity, portability, performance: data-centric {P}ython},
	year = {2021}
}

@misc{Kramer2016,
	author = {Kramer, Oliver},
	isbn = {978-3-319-33383-0},
	publisher = {Springer},
	title = {Machine learning for evolution strategies},
	year = {2016}
}

